@misc{nasa_acoustics,
  author={NASA Johnson Space Center},
  title={Acoustics},
  year={2024},
  url={https://www.nasa.gov/reference/jsc-acoustics/},
  note={Accessed: 2025-04-27}
}

@article{liu2018numerical,
  title={Numerical Study on Acoustic Performance of Microperforated Panels Made from Natural Fiber-Reinforced Composites},
  author={Liu, Jun and Lu, Tianjian and Lee, Peter D.},
  journal={Journal of Engineered Fibers and Fabrics},
  volume={13},
  pages={1--9},
  year={2018},
  publisher={SAGE Publications},
  doi={10.1177/1528083718805714},
  url={https://journals.sagepub.com/doi/full/10.1177/1528083718805714}
}

